<?xml version="1.0" encoding="UTF-8"?><collection xmlns="http://www.loc.gov/MARC21/slim"><record><leader>00591nam--2200181-i-4500</leader><controlfield tag="001">000043127</controlfield><controlfield tag="002">20161230</controlfield><controlfield tag="005">20161230201043</controlfield><controlfield tag="008">060222s1000------------r-----000-0-fre-d</controlfield><datafield ind1=" " ind2=" " tag="040"><subfield code="a">IFIN-HH</subfield></datafield><datafield ind1=" " ind2=" " tag="041"><subfield code="a">fre</subfield></datafield><datafield ind1=" " ind2=" " tag="080"><subfield code="a">539.198:535.33:621.37.029.6(043)</subfield></datafield><datafield ind1="1" ind2=" " tag="100"><subfield code="a">Sungur,Naim</subfield></datafield><datafield ind1="1" ind2="0" tag="245"><subfield code="a">Sectroscopie des jets moleculaires aux radifrequences: mesures de vitesses, structure hyperfine de quelques substitues isotopiques du formol</subfield><subfield code="b">These</subfield><subfield code="c">Naim sungur</subfield></datafield><datafield ind1=" " ind2=" " tag="260"><subfield code="a">Besancon</subfield><subfield code="b">Universite De Besancon</subfield><subfield code="c">1975</subfield></datafield><datafield ind1=" " ind2=" " tag="300"><subfield code="a">68 P</subfield></datafield><datafield ind1=" " ind2=" " tag="852"><subfield code="a">44116</subfield><subfield code="c">539.19</subfield></datafield><datafield ind1=" " ind2=" " tag="CAT"><subfield code="a">Sys</subfield><subfield code="c">20120716</subfield><subfield code="h">101031</subfield></datafield></record></collection>